<?xml version="1.0" encoding="UTF-8"?><collection xmlns="http://www.loc.gov/MARC21/slim"><record><leader>00528nam--2200181-i-4500</leader><controlfield tag="001">000040854</controlfield><controlfield tag="002">20161230</controlfield><controlfield tag="005">20170108232859</controlfield><controlfield tag="008">060222s1000------------r-----000-0-eng-d</controlfield><datafield ind1=" " ind2=" " tag="040"><subfield code="a">IFIN-HH</subfield></datafield><datafield ind1=" " ind2=" " tag="080"><subfield code="a">535.338.42(083)</subfield></datafield><datafield ind1="1" ind2=" " tag="100"><subfield code="a">Schwendeman, R. H</subfield></datafield><datafield ind1="1" ind2="0" tag="245"><subfield code="a">Tables of line strengths for rotational transitions of symetric rotor molecules</subfield><subfield code="c">R.H. Schwendeman, V.W. Laurie</subfield></datafield><datafield ind1=" " ind2=" " tag="260"><subfield code="a">London</subfield><subfield code="b">Pergamon Press</subfield></datafield><datafield ind1=" " ind2=" " tag="300"><subfield code="a">/Pag.Dif.</subfield></datafield><datafield ind1="1" ind2=" " tag="700"><subfield code="a">Laurie, V. W</subfield></datafield><datafield ind1=" " ind2=" " tag="852"><subfield code="a">14013</subfield><subfield code="c">53.081</subfield></datafield><datafield ind1=" " ind2=" " tag="CAT"><subfield code="a">SYS</subfield><subfield code="c">20170108</subfield><subfield code="h">232859</subfield></datafield></record></collection>